<?xml version="1.0" encoding="UTF-8"?><collection xmlns="http://www.loc.gov/MARC21/slim"><record><leader>00502nam--2200181-i-4500</leader><controlfield tag="001">000014514</controlfield><controlfield tag="002">20161230</controlfield><controlfield tag="005">20161230201030</controlfield><controlfield tag="008">060222s1000------------r-----000-0-rus-d</controlfield><datafield ind1=" " ind2=" " tag="040"><subfield code="a">IFIN-HH</subfield></datafield><datafield ind1=" " ind2=" " tag="041"><subfield code="a">rus</subfield></datafield><datafield ind1=" " ind2=" " tag="080"><subfield code="a">547:539.143.43</subfield></datafield><datafield ind1="1" ind2=" " tag="100"><subfield code="a">Koltov, A.I</subfield></datafield><datafield ind1="1" ind2="0" tag="245"><subfield code="a">Iadernii magnitnii rezonans v oeganiceskoi himii</subfield><subfield code="c">A.i. koltov, b.a. ersov</subfield></datafield><datafield ind1=" " ind2=" " tag="260"><subfield code="a">Leningrad</subfield><subfield code="b">Leningradskogo Universiteta</subfield><subfield code="c">1968</subfield></datafield><datafield ind1="1" ind2=" " tag="700"><subfield code="a">Ersod, B.A</subfield></datafield><datafield ind1=" " ind2=" " tag="852"><subfield code="a">30473</subfield><subfield code="c">539.143.43</subfield></datafield><datafield ind1=" " ind2=" " tag="CAT"><subfield code="a">Sys</subfield><subfield code="c">20120503</subfield><subfield code="h">143215</subfield></datafield></record></collection>